@online{AWSRDS,
  author = {Amazon Web Services},
  title = {Was ist Amazon Relational Database Service (Amazon RDS)? - Sie k√∂nnen eine relationale Datenbank mit nur wenigen Klicks in der Cloud einrichten, betreiben und skalieren.},
  year = 2020,
  url = {https://aws.amazon.com/de/rds/},
  urldate = {2020-05-30}
}

@online{AWSEB,
  author = {Amazon Web Services},
  title = {Was ist Amazon Relational Database Service (Amazon RDS)? - Einfacher Einstieg, unkomplizierte Anwendung},
  year = 2020,
  url = {https://aws.amazon.com/de/elasticbeanstalk/},
  urldate = {2020-05-31}
}